<record><leader>00000cas a2200000 i 4500</leader><controlfield tag="001">840686573</controlfield><controlfield tag="006">m     o  d        </controlfield><controlfield tag="007">cr |||||||||||</controlfield><controlfield tag="008">130424d18431916iluwr ne      0   a0eng  </controlfield><datafield ind1=" " ind2=" " tag="010"><subfield code="a">  2013218762</subfield></datafield><datafield ind1=" " ind2=" " tag="040"><subfield code="a">DLC</subfield><subfield code="b">eng</subfield><subfield code="e">rda</subfield><subfield code="c">DLC</subfield><subfield code="d">DLC</subfield><subfield code="d">OCLCQ</subfield><subfield code="d">OCLCF</subfield></datafield><datafield ind1="0" ind2=" " tag="022"><subfield code="a">2328-6008</subfield><subfield code="2">1</subfield></datafield><datafield ind1=" " ind2=" " tag="042"><subfield code="a">pcc</subfield><subfield code="a">nsdp</subfield></datafield><datafield ind1=" " ind2=" " tag="043"><subfield code="a">n-us-il</subfield></datafield><datafield ind1="1" ind2="0" tag="050"><subfield code="a">ISSN RECORD</subfield></datafield><datafield ind1="0" ind2="0" tag="082"><subfield code="a">071</subfield><subfield code="2">23</subfield></datafield><datafield ind1="0" ind2=" " tag="130"><subfield code="a">Ottawa free trader (Online)</subfield></datafield><datafield ind1=" " ind2="4" tag="222"><subfield code="a">The Ottawa free trader</subfield><subfield code="b">(Online)</subfield></datafield><datafield ind1="1" ind2="4" tag="245"><subfield code="a">The Ottawa free trader.</subfield></datafield><datafield ind1="1" ind2=" " tag="246"><subfield code="i">Publisher's box:</subfield><subfield code="a">Free trader,</subfield><subfield code="f">Oct. 6, 1843-Feb. 9, 1884</subfield></datafield><datafield ind1=" " ind2=" " tag="250"><subfield code="a">Weekly edition.</subfield></datafield><datafield ind1="2" ind2=" " tag="260"><subfield code="3">Oct. 3, 1845-Dec. 31, 1847</subfield><subfield code="a">Ottawa, Ill. :</subfield><subfield code="b">Wm. Osman &amp; Co.</subfield></datafield><datafield ind1="2" ind2=" " tag="260"><subfield code="3">Jan. 7, 1848-Feb. 11, 1848</subfield><subfield code="a">Ottawa, Ill. :</subfield><subfield code="b">Wm. &amp; M. Osman</subfield></datafield><datafield ind1="2" ind2=" " tag="260"><subfield code="3">Feb. 18, 1848-Mar. 30, 1849</subfield><subfield code="a">Ottawa, Ill. :</subfield><subfield code="b">William Osman</subfield></datafield><datafield ind1="2" ind2=" " tag="260"><subfield code="3">Apr. 6, 1849-June 25, 1853</subfield><subfield code="a">Ottawa, Ill. :</subfield><subfield code="b">Wm. &amp; M. Osman</subfield></datafield><datafield ind1="2" ind2=" " tag="260"><subfield code="3">July 2, 1853-Nov. 19, 1853</subfield><subfield code="a">Ottawa, Ill. :</subfield><subfield code="b">Moses Osman</subfield></datafield><datafield ind1="2" ind2=" " tag="260"><subfield code="3">Nov. 26, 1853-July 15, 1854</subfield><subfield code="a">Ottawa, Ill. :</subfield><subfield code="b">G. &amp; J. Avery</subfield></datafield><datafield ind1="2" ind2=" " tag="260"><subfield code="3">July 29, 1854-Aug. 12, 1865</subfield><subfield code="a">Ottawa, Ill. :</subfield><subfield code="b">W. [Wm.] Osman</subfield></datafield><datafield ind1="2" ind2=" " tag="260"><subfield code="3">Aug. 19, 1865-Aug. 30, 1882</subfield><subfield code="a">Ottawa, Ill. :</subfield><subfield code="b">Osman &amp; Hapeman</subfield></datafield><datafield ind1="3" ind2=" " tag="260"><subfield code="3">Sept. 9, 1882-</subfield><subfield code="a">Ottawa, Ill. :</subfield><subfield code="b">Wm. Osman &amp; Son[s]</subfield></datafield><datafield ind1=" " ind2="1" tag="264"><subfield code="a">Ottawa, Illinois :</subfield><subfield code="b">John Hise &amp; William Osman,</subfield><subfield code="c">1843-1916.</subfield></datafield><datafield ind1=" " ind2=" " tag="310"><subfield code="a">Weekly,</subfield><subfield code="b">Nov. 11, 1882-&lt;Dec. 25, 1914&gt;</subfield></datafield><datafield ind1=" " ind2=" " tag="321"><subfield code="a">Weekly (except week before vol. numbering changes),</subfield><subfield code="b">Oct. 6, 1843-Aug. 7, 1852</subfield></datafield><datafield ind1=" " ind2=" " tag="321"><subfield code="a">Weekly,</subfield><subfield code="b">Aug. 21, 1852-Aug. 26, 1882</subfield></datafield><datafield ind1=" " ind2=" " tag="321"><subfield code="a">Semiweekly,</subfield><subfield code="b">Aug. 30-Nov. 4, 1882</subfield></datafield><datafield ind1=" " ind2=" " tag="336"><subfield code="a">text</subfield><subfield code="b">txt</subfield><subfield code="2">rdacontent</subfield></datafield><datafield ind1=" " ind2=" " tag="337"><subfield code="a">computer</subfield><subfield code="b">c</subfield><subfield code="2">rdamedia</subfield></datafield><datafield ind1=" " ind2=" " tag="338"><subfield code="a">online resource</subfield><subfield code="b">cr</subfield><subfield code="2">rdacarrier</subfield></datafield><datafield ind1="1" ind2=" " tag="362"><subfield code="a">Began with vol. IV, no. 16 (Oct. 6, 1843); ceased in Nov. 1916.</subfield></datafield><datafield ind1=" " ind2=" " tag="500"><subfield code="a">June 26, 1845 and June 11, 1849 are Extra issues.</subfield></datafield><datafield ind1=" " ind2=" " tag="515"><subfield code="a">Continues the numbering of Illinois free trader and LaSalle County commercial advertiser.</subfield></datafield><datafield ind1=" " ind2=" " tag="515"><subfield code="a">Various incorrect chronological, vol., issue, and page designation.</subfield></datafield><datafield ind1=" " ind2=" " tag="515"><subfield code="a">Not published Dec. 22, 1848 or June 8, 1849.</subfield></datafield><datafield ind1=" " ind2=" " tag="525"><subfield code="a">Has occasional supplements.</subfield></datafield><datafield ind1=" " ind2=" " tag="530"><subfield code="a">Also issued on microfilm;</subfield><subfield code="b">Micro Photo, Inc., Cleveland, Ohio.</subfield></datafield><datafield ind1=" " ind2=" " tag="580"><subfield code="a">Daily ed.: Ottawa free trader (Ottawa, Ill. : Daily), Oct. 15, 1889-Nov. 12, 1916.</subfield></datafield><datafield ind1=" " ind2=" " tag="580"><subfield code="a">Merged with: La Salle County journal, to form: Weekly free trader-journal.</subfield></datafield><datafield ind1=" " ind2=" " tag="588"><subfield code="a">Description based on print version record.</subfield></datafield><datafield ind1=" " ind2=" " tag="588"><subfield code="a">Latest issue consulted: Vol. 52, no. 52 (August 2, 1890) (Chroniclingamerica.loc.gov, viewed Apr. 24, 2013).</subfield></datafield><datafield ind1=" " ind2="0" tag="651"><subfield code="a">Ottawa (Ill.)</subfield><subfield code="v">Newspapers.</subfield></datafield><datafield ind1=" " ind2="0" tag="651"><subfield code="a">La Salle County (Ill.)</subfield><subfield code="v">Newspapers.</subfield></datafield><datafield ind1=" " ind2="7" tag="655"><subfield code="a">Newspapers.</subfield><subfield code="2">fast</subfield><subfield code="0">(OCoLC)fst01423814</subfield></datafield><datafield ind1=" " ind2="7" tag="651"><subfield code="a">Illinois</subfield><subfield code="z">La Salle County.</subfield><subfield code="2">fast</subfield><subfield code="0">(OCoLC)fst01213234</subfield></datafield><datafield ind1=" " ind2="7" tag="651"><subfield code="a">Illinois</subfield><subfield code="z">Ottawa.</subfield><subfield code="2">fast</subfield><subfield code="0">(OCoLC)fst01226738</subfield></datafield><datafield ind1=" " ind2=" " tag="752"><subfield code="a">United States</subfield><subfield code="b">Illinois</subfield><subfield code="c">La Salle</subfield><subfield code="d">Ottawa.</subfield></datafield><datafield ind1="1" ind2=" " tag="775"><subfield code="t">Ottawa free trader (Ottawa, Ill. : Daily : Online)</subfield></datafield><datafield ind1="0" ind2="8" tag="776"><subfield code="i">Microfilm.</subfield><subfield code="s">Ottawa free trader (Ottawa, Ill.).</subfield><subfield code="t">Ottawa free trader</subfield><subfield code="w">(OCoLC)213893699</subfield></datafield><datafield ind1="0" ind2="8" tag="776"><subfield code="i">Originally issued in print:</subfield><subfield code="t">Ottawa free trader</subfield><subfield code="x">2328-5990</subfield><subfield code="w">(DLC)sn 84038582</subfield><subfield code="w">(OCoLC)11347496</subfield></datafield><datafield ind1="0" ind2="0" tag="780"><subfield code="t">Illinois free trader and LaSalle County commercial advertiser (Online)</subfield><subfield code="x">2328-5958</subfield><subfield code="w">(DLC)  2013218761</subfield><subfield code="w">(OCoLC)840680059</subfield></datafield><datafield ind1="1" ind2="7" tag="785"><subfield code="t">Salle County journal (Online)</subfield></datafield><datafield ind1="1" ind2="7" tag="785"><subfield code="t">Weekly free trader-journal (Online)</subfield></datafield><datafield ind1="4" ind2="1" tag="856"><subfield code="u">http://chroniclingamerica.loc.gov/lccn/sn84038582/issues</subfield></datafield></record>